% Dataflow
@book{lucid,
author = {William W. Wadge, Edward A. Ashcroft},
title = {Lucid, the Dataflow Programming Language},
publisher = {Academic Press},
year = 1985
}
% Coordination
@inproceedings{glu,
author = {R. Jagannathan, Chris Dodd},
title = {Application Experience with an Implicitly Parallel Composition Language},
booktitle = {Proceedings of the USENIX Symposium on Very High Level Languages (VHLL), Santa Fe, New Mexico},
year = 1994
}
% FRP
@inproceedings{fran,
  title={Functional reactive animation},
  author={Elliott, Conal and Hudak, Paul},
  booktitle={ACM SIGPLAN Notices},
  volume={32},
  pages={263--273},
  year={1997},
  organization={ACM}
}
@incollection{arrows_robots,
  title={Arrows, robots, and functional reactive programming},
  author={Hudak, Paul and Courtney, Antony and Nilsson, Henrik and Peterson, John},
  booktitle={Advanced Functional Programming},
  pages={159--187},
  year={2003},
  publisher={Springer}
}
@incollection{lambda_in_motion,
  title={Lambda in motion: Controlling robots with Haskell},
  author={Peterson, John and Hudak, Paul and Elliott, Conal},
  booktitle={Practical Aspects of Declarative Languages},
  pages={91--105},
  year={1999},
  publisher={Springer}
}
@incollection{event_frp,
  title={Event-driven FRP},
  author={Wan, Zhanyong and Taha, Walid and Hudak, Paul},
  booktitle={Practical Aspects of Declarative Languages},
  pages={155--172},
  year={2002},
  publisher={Springer}
}
@inproceedings{real_frp,
  title={Real-time FRP},
  author={Wan, Zhanyong and Taha, Walid and Hudak, Paul},
  booktitle={ACM SIGPLAN Notices},
  volume={36},
  pages={146--156},
  year={2001},
  organization={ACM}
}
@inproceedings{pushpull_frp,
  title={Push-pull functional reactive programming},
  author={Elliott, Conal M},
  booktitle={Proceedings of the 2nd ACM SIGPLAN symposium on Haskell},
  pages={25--36},
  year={2009},
  organization={ACM}
}
@article{survey_frp,
  title={A survey of functional reactive programming},
  author={Amsden, Edward},
  journal={Unpublished},
  year={2011}
}
% Arrows
@article{arrows,
title = "Generalising monads to arrows ",
journal = "Science of Computer Programming ",
volume = "37",
number = "1â€“3",
pages = "67 - 111",
year = "2000",
note = "",
issn = "0167-6423",
url1 = "http://www.sciencedirect.com/science/article/pii/S0167642399000234",
author = "John Hughes"
}
@article{arrows_notation,
 author = {Paterson, Ross},
 title = {A New Notation for Arrows},
 journal = {SIGPLAN Not.},
 issue_date = {October 2001},
 volume = {36},
 number = {10},
 month = oct,
 year = {2001},
 issn = {0362-1340},
 pages = {229--240},
 numpages = {12},
 url = {http://doi.acm.org/10.1145/507546.507664},
 doi = {10.1145/507546.507664},
 acmid = {507664},
 publisher = {ACM},
 address = {New York, NY, USA},
}
% Optimization
@article{catalog,
  title={A catalog of stream processing optimizations},
  author={Hirzel, Martin and Soul{\'e}, Robert and Schneider, Scott and Gedik, Bu{\u{g}}ra and Grimm, Robert},
  journal={ACM Computing Surveys (CSUR)},
  volume={46},
  number={4},
  pages={46},
  year={2014},
  publisher={ACM}
}
@article{blackbox,
  title={Opening the black boxes in data flow optimization},
  author={Hueske, Fabian and Peters, Mathias and Sax, Matthias J and Rheinl{\"a}nder, Astrid and Bergmann, Rico and Krettek, Aljoscha and Tzoumas, Kostas},
  journal={Proceedings of the VLDB Endowment},
  volume={5},
  number={11},
  pages={1256--1267},
  year={2012},
  publisher={VLDB Endowment}
}
@inproceedings{properties,
  title={Testing properties of dataflow program operators},
  author={Xu, Zhihong and Hirzel, Martin and Rothermel, Gregg and Wu, Kun-Lung},
  booktitle={Automated Software Engineering (ASE), 2013 IEEE/ACM 28th International Conference on},
  pages={103--113},
  year={2013},
  organization={IEEE}
}
@article{static_analysis,
  title={Enabling operator reordering in data flow programs through static code analysis},
  author={Hueske, Fabian and Krettek, Aljoscha and Tzoumas, Kostas},
  journal={arXiv preprint arXiv:1301.4200},
  year={2013}
}
% IoT
@article{iot_middleware,
  title={Middleware for the internet of things, design goals and challenges},
  author={Paridel, Koosha and Bainomugisha, Engineer and Vanrompay, Yves and Berbers, Yolande and De Meuter, Wolfgang},
  journal={Electronic Communications of the EASST},
  volume={28},
  year={2010}
}
@inproceedings{iot_dataflow,
  title={Toward a Distributed Data Flow Platform for the Web of Things},
  author={Blackstock, Michael and Lea, Rodger},
  booktitle={5th International Workshop on the Web of Things (WoT)},
  year={2014}
}
@article{mqtt,
  title={Mq telemetry transport (mqtt) v3. 1 protocol specification},
  author={Locke, Dave},
  journal={IBM developerWorks Technical Library], available at http://www. ibm. com/developerworks/webservices/library/ws-mqtt/index. html},
  year={2010}
}
@article{pubsub,
  title={The many faces of publish/subscribe},
  author={Eugster, Patrick Th and Felber, Pascal A and Guerraoui, Rachid and Kermarrec, Anne-Marie},
  journal={ACM Computing Surveys (CSUR)},
  volume={35},
  number={2},
  pages={114--131},
  year={2003},
  publisher={ACM}
}
@inproceedings{fbp,
  title={Flow-based programming},
  author={Morrison, J Paul},
  booktitle={Proc. 1st International Workshop on Software Engineering for Parallel and Distributed Systems},
  pages={25--29},
  year={1994}
}
% Big Data
@incollection{iteratees,
  title={Iteratees},
  author={Kiselyov, Oleg},
  booktitle={Functional and Logic Programming},
  pages={166--181},
  year={2012},
  publisher={Springer}
}
@article{spinning,
  title={Spinning fast iterative data flows},
  author={Ewen, Stephan and Tzoumas, Kostas and Kaufmann, Moritz and Markl, Volker},
  journal={Proceedings of the VLDB Endowment},
  volume={5},
  number={11},
  pages={1268--1279},
  year={2012},
  publisher={VLDB Endowment}
}
@inproceedings{dryad,
  title={Dryad: distributed data-parallel programs from sequential building blocks},
  author={Isard, Michael and Budiu, Mihai and Yu, Yuan and Birrell, Andrew and Fetterly, Dennis},
  booktitle={ACM SIGOPS Operating Systems Review},
  volume={41},
  number={3},
  pages={59--72},
  year={2007},
  organization={ACM}
}
@misc{differential,
  title={Differential dataflow},
  author={McSherry, Frank D and Isaacs, Rebecca and Isard, Michael A and Murray, Derek G},
  year={2015},
  month=oct # "~20",
  publisher={Google Patents},
  note={US Patent 9,165,035}
}
@inproceedings{naiad,
  title={Naiad: a timely dataflow system},
  author={Murray, Derek G and McSherry, Frank and Isaacs, Rebecca and Isard, Michael and Barham, Paul and Abadi, Mart{\'\i}n},
  booktitle={Proceedings of the Twenty-Fourth ACM Symposium on Operating Systems Principles},
  pages={439--455},
  year={2013},
  organization={ACM}
}
@article{mapreduce,
  title={MapReduce: simplified data processing on large clusters},
  author={Dean, Jeffrey and Ghemawat, Sanjay},
  journal={Communications of the ACM},
  volume={51},
  number={1},
  pages={107--113},
  year={2008},
  publisher={ACM}
}
@inproceedings{flumejava,
  title={FlumeJava: easy, efficient data-parallel pipelines},
  author={Chambers, Craig and Raniwala, Ashish and Perry, Frances and Adams, Stephen and Henry, Robert R and Bradshaw, Robert and Weizenbaum, Nathan},
  booktitle={ACM Sigplan Notices},
  volume={45},
  pages={363--375},
  year={2010},
  organization={ACM}
}
@inproceedings{actor,
  title={A universal modular actor formalism for artificial intelligence},
  author={Hewitt, Carl and Bishop, Peter and Steiger, Richard},
  booktitle={Proceedings of the 3rd international joint conference on Artificial intelligence},
  pages={235--245},
  year={1973},
  organization={Morgan Kaufmann Publishers Inc.}
}
@misc{stratospheree,
  title={The Stratosphere platform for big data analytics},
  howpublished = "\url{http://stratosphere.eu/}"
}
@article{stratosphere,
  title={The Stratosphere platform for big data analytics},
  author={Alexander Alexandrov and Rico Bergmann and Stephan Ewen and Johann-Christoph Freytag and Fabian Hueske and Arvid Heise and Odej Kao and Marcus Leich and Ulf Leser and Volker Markl and Felix Naumann and Mathias Peters and Astrid Rheinlander and Matthias J. Sax and Sebastian Schelter and Mareike Hoger and Kostas Tzoumas and Daniel Warneke},
  journal={VLDB J.},
  year={2014},
  volume={23},
  pages={939-964}
}
% Node placement
@inproceedings{mema,
  title={Network-aware operator placement for stream-processing systems},
  author={Pietzuch, Peter and Ledlie, Jonathan and Shneidman, Jeffrey and Roussopoulos, Mema and Welsh, Matt and Seltzer, Margo},
  booktitle={Data Engineering, 2006. ICDE'06. Proceedings of the 22nd International Conference on},
  pages={49--49},
  year={2006},
  organization={IEEE}
}
@inproceedings{vivaldi,
  title={Vivaldi: A decentralized network coordinate system},
  author={Dabek, Frank and Cox, Russ and Kaashoek, Frans and Morris, Robert},
  booktitle={ACM SIGCOMM Computer Communication Review},
  volume={34},
  pages={15--26},
  year={2004},
  organization={ACM}
}
@article{rtt_survey,
  title={A Comparison of Round-Trip Time Estimation Algorithms},
  author={Lukin, Stephanie},
  journal={Loyola University Maryland, UCSC SURF-IT Research},
  year={2010}
}
% Robotics
@inproceedings{ros,
  title={ROS: an open-source Robot Operating System},
  author={Quigley, Morgan and Conley, Ken and Gerkey, Brian and Faust, Josh and Foote, Tully and Leibs, Jeremy and Wheeler, Rob and Ng, Andrew Y},
  booktitle={ICRA workshop on open source software},
  volume={3},
  pages={5},
  year={2009}
}
@inproceedings{roshask,
  title={Stream-oriented robotics programming: The design of roshask},
  author={Cowley, Anthony and Taylor, Camillo J},
  booktitle={Intelligent Robots and Systems (IROS), 2011 IEEE/RSJ International Conference on},
  pages={1048--1054},
  year={2011},
  organization={IEEE}
}
@article{army,
  title={An army of small robots},
  author={Grabowski, Robert and Navarro-Serment, Luis E and Khosla, Pradeep K},
  journal={Scientific American},
  volume={289},
  number={5},
  pages={62--67},
  year={2003},
  publisher={Nature Publishing Group}
}
% Stream Reasoning
@inproceedings{stream_reasoning,
  title={Semantically grounded stream reasoning integrated with ROS},
  author={Heintz, Fredrik},
  booktitle={Intelligent Robots and Systems (IROS), 2013 IEEE/RSJ International Conference on},
  pages={5935--5942},
  year={2013},
  organization={IEEE}
}
@article{streaming_world,
  title={It's a streaming world! Reasoning upon rapidly changing information},
  author={Della Valle, Emanuele and Ceri, Stefano and Van Harmelen, Frank and Fensel, Dieter},
  journal={IEEE Intelligent Systems},
  number={6},
  pages={83--89},
  year={2009},
  publisher={IEEE}
}
@incollection{asp,
  title={Answer set programming for stream reasoning},
  author={Do, Thang M and Loke, Seng W and Liu, Fei},
  booktitle={Advances in Artificial Intelligence},
  pages={104--109},
  year={2011},
  publisher={Springer}
}
@inproceedings{robot_reasoning,
  title={Robotics, Temporal Logic and Stream Reasoning.},
  author={Doherty, Patrick and Heintz, Fredrik and Kvarnstr{\"o}m, Jonas},
  booktitle={LPAR (short papers)},
  pages={42--51},
  year={2013}
}
@inproceedings{pdt_logic,
  title={PDT Logic for Stream Reasoning in Multi-agent Systems.},
  author={Martiny, Karsten and M{\"o}ller, Ralf},
  booktitle={SCSS},
  pages={35--46},
  year={2014}
}
% Fault-tolerance
@article{borealis,
  title={Fault-tolerance in the Borealis distributed stream processing system},
  author={Balazinska, Magdalena and Balakrishnan, Hari and Madden, Samuel R and Stonebraker, Michael},
  journal={ACM Transactions on Database Systems (TODS)},
  volume={33},
  number={1},
  pages={3},
  year={2008},
  publisher={ACM}
}
@inproceedings{dstreams,
  title={Discretized streams: an efficient and fault-tolerant model for stream processing on large clusters},
  author={Zaharia, Matei and Das, Tathagata and Li, Haoyuan and Shenker, Scott and Stoica, Ion},
  booktitle={Presented as part of the},
  year={2012}
}
@inproceedings{wide_area,
  title={Exploiting data-flow for fault-tolerance in a wide-area parallel system},
  author={Nguyen-Tuong, Anh and Grimshaw, Andrew S and Hyett, Mark},
  booktitle={Reliable Distributed Systems, 1996. Proceedings., 15th Symposium on},
  pages={2--11},
  year={1996},
  organization={IEEE}
}
% Reconfiguration
@article{reconf_java,
  title={Advanced runtime adaptation for Java},
  author={Villaz{\'o}n, Alex and Binder, Walter and Ansaloni, Danilo and Moret, Philippe},
  journal={ACM Sigplan Notices},
  volume={45},
  number={2},
  pages={85--94},
  year={2010},
  publisher={ACM}
}
@inproceedings{flextream,
  title={Flextream: Adaptive compilation of streaming applications for heterogeneous architectures},
  author={Hormati, Amir H and Choi, Yoonseo and Kudlur, Manjunath and Rabbah, Rodric and Mudge, Trevor and Mahlke, Scott},
  booktitle={Parallel Architectures and Compilation Techniques, 2009. PACT'09. 18th International Conference on},
  pages={214--223},
  year={2009},
  organization={IEEE}
}
@inproceedings{reconf_survey,
  title={Runtime software adaptation: framework, approaches, and styles},
  author={Oreizy, Peyman and Medvidovic, Nenad and Taylor, Richard N},
  booktitle={Companion of the 30th international conference on Software engineering},
  pages={899--910},
  year={2008},
  organization={ACM}
}
@incollection{score,
  title={Stream computations organized for reconfigurable execution (SCORE)},
  author={Caspi, Eylon and Chu, Michael and Huang, Randy and Yeh, Joseph and Wawrzynek, John and DeHon, Andr{\'e}},
  booktitle={Field-Programmable Logic and Applications: The Roadmap to Reconfigurable Computing},
  pages={605--614},
  year={2000},
  publisher={Springer}
}
@inproceedings{reconf_robot,
  title={Specifying adaptations through a DSL with an application to mobile robot navigation},
  author={Santos, Andr{\'e} C and Cardoso, Jo{\~a}o MP and Diniz, Pedro C and Ferreira, Diogo R},
  booktitle={OASIcs-OpenAccess Series in Informatics},
  volume={29},
  year={2013},
  organization={Schloss Dagstuhl-Leibniz-Zentrum fuer Informatik}
}
% Other
@misc{manifesto,
  title = {Reactive Manifesto},
  author = {Jonas, BonÃ©r and Farley, Dave and Kuhn, Roland and Thompson, Martin},
  year = {2014},
  howpublished = "\url{http://www.reactivemanifesto.org/}"
}
@book{design,
  title={Design patterns: elements of reusable object-oriented software},
  author={Gamma, Erich},
  year={1995},
  publisher={Pearson Education India}
}
@article{pimp,
  title={Pimp my library},
  author={Odersky, Martin},
  journal={Artima Developer Blog, October},
  volume={9},
  year={2006}
}
@inproceedings{ziria,
  title={Ziria: A DSL for wireless systems programming},
  author={Stewart, Gordon and Gowda, Mahanth and Mainland, Geoffrey and Radunovic, Bozidar and Vytiniotis, Dimitrios and Agull{\'o}, Cristina Luengo},
  booktitle={Proceedings of the Twentieth International Conference on Architectural Support for Programming Languages and Operating Systems},
  pages={415--428},
  year={2015},
  organization={ACM}
}
@online{rss,
  title = {Reactive Streams Standard},
  year = {2015},
  lastaccessed = "8/2018",
  url = "http://www.reactive-streams.org"
}
@online{rss_docs,
  title = {RSS: Java API Documentation},
  year = {2016},
  lastaccessed = "8/2018",
  url = "http://www.reactive-streams.org/reactive-streams-1.0.0-javadoc/"
}
@online{jgrapht,
  title = {JGraphT: A free Java graph library},
  year = {2016},
  lastaccessed = "8/2018",
  url = "http://jgrapht.org/"
}
@online{rxjava,
  title = {RxJava},
  year = {2014},
  lastaccessed = "8/2018",
  url = "http://github.com/ReactiveX/RxJava"
}
@online{hazelcast,
  title = {Hazelcast},
  year = {2013},
  lastaccessed = "8/2018",
  url = "http://hazelcast.org/"
}
@online{beacons,
  title = {ReactiveBeacons},
  year = {2015},
  lastaccessed = "8/2018",
  url = "http://github.com/pwittchen/ReactiveBeacons"
}
@inproceedings{spark,
  author    = {Matei Zaharia and
               Mosharaf Chowdhury and
               Tathagata Das and
               Ankur Dave and
               Justin Ma and
               Murphy McCauly and
               Michael J. Franklin and
               Scott Shenker and
               Ion Stoica},
  title     = {Resilient Distributed Datasets: {A} Fault-Tolerant Abstraction for
               In-Memory Cluster Computing},
  booktitle = {Proceedings of the 9th {USENIX} Symposium on Networked Systems Design
               and Implementation, {NSDI} 2012, San Jose, CA, USA, April 25-27, 2012},
  pages     = {15--28},
  year      = {2012},
  crossref  = {DBLP:conf/nsdi/2012},
  url       = {https://www.usenix.org/conference/nsdi12/technical-sessions/presentation/zaharia},
  timestamp = {Wed, 04 Jul 2018 13:06:34 +0200},
  biburl    = {https://dblp.org/rec/bib/conf/nsdi/ZahariaCDDMMFSS12},
  bibsource = {dblp computer science bibliography, https://dblp.org}
}
@proceedings{DBLP:conf/nsdi/2012,
  editor    = {Steven D. Gribble and
               Dina Katabi},
  title     = {Proceedings of the 9th {USENIX} Symposium on Networked Systems Design
               and Implementation, {NSDI} 2012, San Jose, CA, USA, April 25-27, 2012},
  publisher = {{USENIX} Association},
  year      = {2012},
  timestamp = {Wed, 04 Jul 2018 13:06:34 +0200},
  biburl    = {https://dblp.org/rec/bib/conf/nsdi/2012},
  bibsource = {dblp computer science bibliography, https://dblp.org}
}
@online{akka,
  title = {Akka},
  year = {2012},
  lastaccessed = "8/2018",
  url = "http://akka.io/"
}
@online{googledataflow,
  title = {Google Dataflow},
  year = {2015},
  lastaccessed = "8/2018",
  url = "http://cloud.google.com/dataflow/"
}
@article{dispel4py,
  author    = {Rosa Filguiera and
               Amrey Krause and
               Malcolm P. Atkinson and
               Iraklis A. Klampanos and
               Alexander Moreno},
  title     = {dispel4py},
  journal   = {{IJHPCA}},
  volume    = {31},
  number    = {4},
  pages     = {316--334},
  year      = {2017},
  url       = {https://doi.org/10.1177/1094342016649766},
  doi       = {10.1177/1094342016649766},
  timestamp = {Wed, 27 Sep 2017 16:20:24 +0200},
  biburl    = {https://dblp.org/rec/bib/journals/ijhpca/FilguieraKAKM17},
  bibsource = {dblp computer science bibliography, https://dblp.org}
}
@online{yampa,
  title = {Yampa},
  year = {2008},
  lastaccessed = "8/2018",
  url = "http://wiki.haskell.org/Yampa"
}

@inproceedings{tensorflow,
  author    = {Mart{\'{\i}}n Abadi and
               Paul Barham and
               Jianmin Chen and
               Zhifeng Chen and
               Andy Davis and
               Jeffrey Dean and
               Matthieu Devin and
               Sanjay Ghemawat and
               Geoffrey Irving and
               Michael Isard and
               Manjunath Kudlur and
               Josh Levenberg and
               Rajat Monga and
               Sherry Moore and
               Derek Gordon Murray and
               Benoit Steiner and
               Paul A. Tucker and
               Vijay Vasudevan and
               Pete Warden and
               Martin Wicke and
               Yuan Yu and
               Xiaoqiang Zheng},
  title     = {TensorFlow: {A} System for Large-Scale Machine Learning},
  booktitle = {12th {USENIX} Symposium on Operating Systems Design and Implementation,
               {OSDI} 2016, Savannah, GA, USA, November 2-4, 2016.},
  pages     = {265--283},
  year      = {2016},
  crossref  = {DBLP:conf/osdi/2016},
  url       = {https://www.usenix.org/conference/osdi16/technical-sessions/presentation/abadi},
  timestamp = {Wed, 01 Aug 2018 19:29:18 +0200},
  biburl    = {https://dblp.org/rec/bib/conf/osdi/AbadiBCCDDDGIIK16},
  bibsource = {dblp computer science bibliography, https://dblp.org}
}
@proceedings{DBLP:conf/osdi/2016,
  editor    = {Kimberly Keeton and
               Timothy Roscoe},
  title     = {12th {USENIX} Symposium on Operating Systems Design and Implementation,
               {OSDI} 2016, Savannah, GA, USA, November 2-4, 2016},
  publisher = {{USENIX} Association},
  year      = {2016},
  url       = {https://www.usenix.org/conference/osdi16},
  timestamp = {Mon, 07 Nov 2016 14:36:51 +0100},
  biburl    = {https://dblp.org/rec/bib/conf/osdi/2016},
  bibsource = {dblp computer science bibliography, https://dblp.org}
}
